<?xml version="1.0" encoding="UTF-8"?><collection xmlns="http://www.loc.gov/MARC21/slim"><record><leader>00594nam--2200205-i-4500</leader><controlfield tag="001">000012577</controlfield><controlfield tag="002">20161230</controlfield><controlfield tag="005">20161230201029</controlfield><controlfield tag="008">060222s1000------------r-----000-0-eng-d</controlfield><datafield ind1=" " ind2=" " tag="040"><subfield code="a">IFIN-HH</subfield></datafield><datafield ind1=" " ind2=" " tag="080"><subfield code="a">621.375.826:535.5.8</subfield></datafield><datafield ind1="1" ind2=" " tag="100"><subfield code="a">Beck, R</subfield></datafield><datafield ind1=" " ind2=" " tag="245"><subfield code="a">Table of laser lines in gases and vapors</subfield><subfield code="c">R. beck, w.englisch, k.gurs</subfield></datafield><datafield ind1=" " ind2=" " tag="250"><subfield code="a">Second Revised And Enlarged Edition</subfield></datafield><datafield ind1=" " ind2=" " tag="260"><subfield code="a">NEW YORK</subfield><subfield code="b">Springer-verlag</subfield><subfield code="c">1978</subfield></datafield><datafield ind1=" " ind2=" " tag="300"><subfield code="a">IX + 202 P</subfield></datafield><datafield ind1=" " ind2=" " tag="490"><subfield code="a">Springer Seies In Optical Sciences</subfield><subfield code="v">Vol. 2</subfield></datafield><datafield ind1="1" ind2=" " tag="700"><subfield code="a">Gurs, K</subfield></datafield><datafield ind1=" " ind2=" " tag="852"><subfield code="a">44207</subfield><subfield code="c">535</subfield></datafield><datafield ind1=" " ind2=" " tag="CAT"><subfield code="a">Sys</subfield><subfield code="c">20101110</subfield><subfield code="h">152212</subfield></datafield></record></collection>